
@book{tango_book_2007,
	address = {Washington, DC},
	title = {The {Book}: {Playing} the {Percentages} in {Baseball}},
	publisher = {Potomac Books},
	author = {Tango, Tom M and Lichtman, Mitchel G and Dolphin, Andrew E},
	year = {2007},
}

@misc{castrovince_pitch_2023,
	title = {Pitch timer, shift restrictions among announced rule changes for '23},
	url = {https://www.mlb.com/news/mlb-2023-rule-changes-pitch-timer-larger-bases-shifts},
	journal = {MLB.com},
	author = {Castrovince, Anthony},
	month = feb,
	year = {2023},
}

@article{nadimpalli_when_2013,
	title = {When to challenge a call in tennis: {A} {Markov} decision process approach},
	volume = {9},
	doi = {10.1515/jqas-2012-0051},
	number = {3},
	journal = {Journal of Quantitative Analysis in Sports},
	author = {Nadimpalli, Vamsi K and Hasenbein, John J},
	year = {2013},
	pages = {229--238},
}

@book{howard_dynamic_1960,
	address = {Cambridge, MA},
	title = {Dynamic {Programming} and {Markov} {Processes}},
	publisher = {MIT Press},
	author = {Howard, Ronald A},
	year = {1960},
}

@book{bellman_dynamic_1957,
	address = {Princeton, NJ},
	title = {Dynamic {Programming}},
	publisher = {Princeton University Press},
	author = {Bellman, Richard},
	year = {1957},
}

@article{biro_reinforcement_2022,
	title = {A reinforcement learning based approach to play calling in football},
	volume = {18},
	doi = {10.1515/jqas-2021-0029},
	number = {2},
	journal = {Journal of Quantitative Analysis in Sports},
	author = {Biro, Preston and Walker, Stephen G},
	year = {2022},
	keywords = {test},
	pages = {97--112},
}

@phdthesis{stanley_modeling_2023,
	type = {Senior thesis},
	title = {Modeling the {Probability} of a {Successful} {Stolen} {Base} {Attempt} in {Major} {League} {Baseball}},
	url = {https://scholarcommons.sc.edu/senior_theses/602},
	school = {University of South Carolina},
	author = {Stanley, Cade},
	year = {2023},
}

@article{baird_optimising_2020,
	title = {Optimising darts strategy using {Markov} decision processes and reinforcement learning},
	volume = {71},
	doi = {10.1080/01605682.2019.1610341},
	number = {6},
	journal = {Journal of the Operational Research Society},
	author = {Baird, Graham},
	year = {2020},
	pages = {1020--1037},
}

@article{hirotsu_using_2002,
	title = {Using a {Markov} process model of an association football match to determine the optimal timing of substitution and tactical decisions},
	volume = {53},
	doi = {10.1057/palgrave.jors.2601254},
	number = {1},
	journal = {Journal of the Operational Research Society},
	author = {Hirotsu, Nobuyoshi and Wright, Mike},
	year = {2002},
	pages = {88--96},
}

@article{chan_points_2021,
	title = {Points {Gained} in {Football}: {Using} {Markov} {Process}-{Based} {Value} {Functions} to {Assess} {Team} {Performance}},
	volume = {69},
	doi = {10.1287/opre.2020.2034},
	number = {3},
	journal = {Operations Research},
	author = {Chan, Timothy CY and Fernandes, Craig and Puterman, Martin L},
	year = {2021},
	pages = {877--894},
}

@article{sandholtz_markov_2020,
	title = {Markov decision processes with dynamic transition probabilities: {An} analysis of shooting strategies in basketball},
	volume = {14},
	doi = {10.1214/20-AOAS1348},
	number = {3},
	journal = {The Annals of Applied Statistics},
	author = {Sandholtz, Nathan and Bornn, Luke},
	year = {2020},
	pages = {1122--1145},
}

@article{loughin_assessing_2008,
	title = {Assessing pitcher and catcher influences on base stealing in {Major} {League} {Baseball}},
	volume = {26},
	doi = {10.1080/02640410701287255},
	number = {1},
	journal = {Journal of Sports Sciences},
	author = {Loughin, Thomas M and Bargen, Jason L},
	year = {2008},
	pages = {15--20},
}

@article{palacios-huerta_experientia_2008,
	title = {Experientia {Docet}: {Professionals} play minimax in laboratory experiments},
	volume = {76},
	doi = {10.1111/j.0012-9682.2008.00818.x},
	number = {1},
	journal = {Econometrica},
	author = {Palacios-Huerta, Ignacio and Volij, Oscar},
	year = {2008},
	pages = {71--115},
}

@article{kovash_professionals_2009,
	title = {Professionals {Do} {Not} {Play} {Minimax}: {Evidence} from {Major} {League} {Baseball} and the {National} {Football} {League}},
	doi = {10.3386/w15347},
	number = {w15347},
	journal = {National Bureau of Economic Research},
	author = {Kovash, Kenneth and Levitt, Steven D},
	year = {2009},
}

@article{palacios-huerta_professionals_2003,
	title = {Professionals {Play} {Minimax}},
	volume = {70},
	doi = {10.1111/1467-937X.00249},
	number = {2},
	journal = {Review of Economic Studies},
	author = {Palacios-Huerta, Ignacio},
	year = {2003},
	pages = {395--415},
}

@article{downey_pick_2015,
	title = {Pick off {Throws}, {Stolen} {Bases}, and {Southpaws}: {A} {Comparative} {Static} {Analysis} of a {Mixed} {Strategy} {Game}},
	volume = {43},
	doi = {10.1007/s11293-015-9464-4},
	journal = {Atlantic Economic Journal},
	author = {Downey, Jim and McGarrity, Joseph P},
	year = {2015},
	pages = {319--335},
}

@article{downey_pressure_2019,
	title = {Pressure and the ability to randomize decision-making: {The} case of the pickoff play in {Major} {League} {Baseball}},
	volume = {47},
	doi = {10.1007/s11293-019-09631-8},
	journal = {Atlantic Economic Journal},
	author = {Downey, Jim and McGarrity, Joseph},
	year = {2019},
	pages = {261--274},
}

@article{bukiet_markov_1997,
	title = {A {Markov} chain approach to baseball},
	volume = {45},
	doi = {10.1287/opre.45.1.14},
	number = {1},
	journal = {Operations Research},
	author = {Bukiet, Bruce and Harold, Elliotte Rusty and Palacios, José Luis},
	year = {1997},
	pages = {14--23},
}

@article{hirotsu_markov_2003,
	title = {A {Markov} chain approach to optimal pinch hitting strategies in a designated hitter rule baseball game},
	volume = {46},
	doi = {10.15807/jorsj.46.353},
	number = {3},
	journal = {Journal of the Operations Research Society of Japan},
	author = {Hirotsu, Nobuyoshi and Wright, Mike},
	year = {2003},
	pages = {353--371},
}

@article{bates_fitting_2015,
	title = {Fitting {Linear} {Mixed}-{Effects} {Models} {Using} lme4},
	volume = {67},
	doi = {10.18637/jss.v067.i01},
	number = {1},
	journal = {Journal of Statistical Software},
	author = {Bates, Douglas and Mächler, Martin and Bolker, Benjamin M and Walker, Steven C},
	year = {2015},
	pages = {1--48},
}

@article{hirotsu_using_2019,
	title = {Using a {Markov} decision process to model the value of the sacrifice bunt},
	volume = {15},
	doi = {10.1515/jqas-2017-0092},
	number = {4},
	journal = {Journal of Quantitative Analysis in Sports},
	author = {Hirotsu, Nobuyoshi and Bickel, J Eric},
	year = {2019},
	pages = {327--344},
}
