
@online{baseball_savant_statcast_2024,
	title = {Statcast search},
	url = {https://baseballsavant.mlb.com/statcast_search},
	author = {{Baseball Savant}},
	date = {2024},
}

@article{castrovince_pitch_2023,
	title = {Pitch timer, shift restrictions among announced rule changes for '23},
	url = {https://www.mlb.com/news/mlb-2023-rule-changes-pitch-timer-larger-bases-shifts},
	journaltitle = {{MLB}.com},
	author = {Castrovince, Anthony},
	date = {2023-02-01},
}

@thesis{stanley_modeling_2023,
	title = {Modeling the Probability of a Successful Stolen Base Attempt in Major League Baseball},
	url = {https://scholarcommons.sc.edu/senior_theses/602},
	institution = {University of South Carolina},
	type = {Senior Thesis},
	author = {Stanley, Cade},
	date = {2023},
}

@software{powers_sabrmetrics_2025,
	title = {{sabRmetrics}: Query \{statsapi,baseballsavant\}.mlb.com and fit fundamental sabermetric models},
	url = {https://github.com/saberpowers/sabRmetrics/tree/v1.1.0},
	version = {1.1.0},
	author = {Powers, Scott},
	date = {2025},
}

@article{jedlovec_introducing_2020,
	title = {Introducing Statcast 2020: Hawk-Eye and Google Cloud},
	url = {https://technology.mlblogs.com/introducing-statcast-2020-hawk-eye-and-google-cloud-a5f5c20321b8},
	journaltitle = {{MLB} Technology Blog},
	author = {Jedlovec, Ben},
	date = {2020-07-20},
	note = {July 20, 2020},
}

@article{sheinin_analytics_2025,
	title = {Analytics transformed sports. Has it also made them less entertaining?},
	url = {https://www.washingtonpost.com/sports/2025/03/04/sports-analytics-aesthetics-beauty/},
	journaltitle = {The Washington Post},
	author = {Sheinin, Dave},
	date = {2025-03-04},
	note = {March 4, 2025},
}

@online{fangraphs_major_2025,
	title = {Major League Leaders},
	url = {https://www.fangraphs.com/leaders/major-league?pos=all&stats=bat&lg=all&qual=y&type=0&season=2025&month=1000&season1=2025&ind=0&startdate=2025-03-01&enddate=2025-05-16&team=0&sortcol=19&sortdir=default&pagenum=1},
	author = {{Fangraphs}},
	urldate = {2025-08-03},
	date = {2025},
}

@article{sandholtz_markov_2020,
	title = {Markov decision processes with dynamic transition probabilities: An analysis of shooting strategies in basketball},
	volume = {14},
	doi = {10.1214/20-AOAS1348},
	pages = {1122--1145},
	number = {3},
	journaltitle = {Annals of Applied Statistics},
	author = {Sandholtz, Nathan and Bornn, Luke},
	date = {2020},
}

@book{tango_book_2007,
	location = {Washington, {DC}},
	title = {The Book: Playing the Percentages in Baseball},
	publisher = {Potomac Books},
	author = {Tango, Tom M and Lichtman, Mitchel G and Dolphin, Andrew E},
	date = {2007},
}

@book{bellman_dynamic_1957,
	location = {Princeton, {NJ}},
	title = {Dynamic Programming},
	publisher = {Princeton University Press},
	author = {Bellman, Richard},
	date = {1957},
}

@article{demmink_iii_value_2010,
	title = {Value of stealing bases in Major League Baseball: “Stealing” runs and wins},
	volume = {142},
	doi = {10.1007/s11127-009-9546-4},
	pages = {497--505},
	journaltitle = {Public Choice},
	author = {Demmink {III}, Herman},
	date = {2010},
}

@article{nadimpalli_when_2013,
	title = {When to challenge a call in tennis: A Markov decision process approach},
	volume = {9},
	doi = {10.1515/jqas-2012-0051},
	pages = {229--238},
	number = {3},
	journaltitle = {Journal of Quantitative Analysis in Sports},
	author = {Nadimpalli, Vamsi K and Hasenbein, John J},
	date = {2013},
}

@book{howard_dynamic_1960,
	location = {Cambridge, {MA}},
	title = {Dynamic Programming and Markov Processes},
	publisher = {{MIT} Press},
	author = {Howard, Ronald A},
	date = {1960},
}

@article{biro_reinforcement_2022,
	title = {A reinforcement learning based approach to play calling in football},
	volume = {18},
	doi = {10.1515/jqas-2021-0029},
	pages = {97--112},
	number = {2},
	journaltitle = {Journal of Quantitative Analysis in Sports},
	author = {Biro, Preston and Walker, Stephen G},
	date = {2022},
	keywords = {test},
}

@article{hirotsu_using_2002,
	title = {Using a Markov process model of an association football match to determine the optimal timing of substitution and tactical decisions},
	volume = {53},
	doi = {10.1057/palgrave.jors.2601254},
	pages = {88--96},
	number = {1},
	journaltitle = {Journal of the Operational Research Society},
	author = {Hirotsu, Nobuyoshi and Wright, Mike},
	date = {2002},
}

@article{chan_points_2021,
	title = {Points Gained in Football: Using Markov Process-Based Value Functions to Assess Team Performance},
	volume = {69},
	doi = {10.1287/opre.2020.2034},
	pages = {877--894},
	number = {3},
	journaltitle = {Operations Research},
	author = {Chan, Timothy {CY} and Fernandes, Craig and Puterman, Martin L},
	date = {2021},
}

@article{loughin_assessing_2008,
	title = {Assessing pitcher and catcher influences on base stealing in Major League Baseball},
	volume = {26},
	doi = {10.1080/02640410701287255},
	pages = {15--20},
	number = {1},
	journaltitle = {Journal of Sports Sciences},
	author = {Loughin, Thomas M and Bargen, Jason L},
	date = {2008},
}

@article{palacios-huerta_experientia_2008,
	title = {Experientia Docet: Professionals play minimax in laboratory experiments},
	volume = {76},
	doi = {10.1111/j.0012-9682.2008.00818.x},
	pages = {71--115},
	number = {1},
	journaltitle = {Econometrica},
	author = {Palacios-Huerta, Ignacio and Volij, Oscar},
	date = {2008},
}

@article{kovash_professionals_2009,
	title = {Professionals Do Not Play Minimax: Evidence from Major League Baseball and the National Football League},
	doi = {10.3386/w15347},
	issue = {w15347},
	journaltitle = {National Bureau of Economic Research},
	author = {Kovash, Kenneth and Levitt, Steven D},
	date = {2009},
}

@article{palacios-huerta_professionals_2003,
	title = {Professionals Play Minimax},
	volume = {70},
	doi = {10.1111/1467-937X.00249},
	pages = {395--415},
	number = {2},
	journaltitle = {Review of Economic Studies},
	author = {Palacios-Huerta, Ignacio},
	date = {2003},
}

@article{downey_pressure_2019,
	title = {Pressure and the ability to randomize decision-making: The case of the pickoff play in Major League Baseball},
	volume = {47},
	doi = {10.1007/s11293-019-09631-8},
	pages = {261--274},
	journaltitle = {Atlantic Economic Journal},
	author = {Downey, Jim and {McGarrity}, Joseph},
	date = {2019},
}

@article{hirotsu_markov_2003,
	title = {A Markov chain approach to optimal pinch hitting strategies in a designated hitter rule baseball game},
	volume = {46},
	doi = {10.15807/jorsj.46.353},
	pages = {353--371},
	number = {3},
	journaltitle = {Journal of the Operations Research Society of Japan},
	author = {Hirotsu, Nobuyoshi and Wright, Mike},
	date = {2003},
}

@article{baird_optimising_2020,
	title = {Optimising darts strategy using Markov decision processes and reinforcement learning},
	volume = {71},
	doi = {10.1080/01605682.2019.1610341},
	pages = {1020--1037},
	number = {6},
	journaltitle = {Journal of the Operational Research Society},
	author = {Baird, Graham},
	date = {2020},
}

@article{downey_pick_2015,
	title = {Pick off Throws, Stolen Bases, and Southpaws: A Comparative Static Analysis of a Mixed Strategy Game},
	volume = {43},
	doi = {10.1007/s11293-015-9464-4},
	pages = {319--335},
	journaltitle = {Atlantic Economic Journal},
	author = {Downey, Jim and {McGarrity}, Joseph P},
	date = {2015},
}

@article{bukiet_markov_1997,
	title = {A Markov chain approach to baseball},
	volume = {45},
	doi = {10.1287/opre.45.1.14},
	pages = {14--23},
	number = {1},
	journaltitle = {Operations Research},
	author = {Bukiet, Bruce and Harold, Elliotte Rusty and Palacios, José Luis},
	date = {1997},
}

@article{bates_fitting_2015,
	title = {Fitting Linear Mixed-Effects Models Using lme4},
	volume = {67},
	doi = {10.18637/jss.v067.i01},
	pages = {1--48},
	number = {1},
	journaltitle = {Journal of Statistical Software},
	author = {Bates, Douglas and Mächler, Martin and Bolker, Benjamin M and Walker, Steven C},
	date = {2015},
}

@article{hirotsu_using_2019,
	title = {Using a Markov decision process to model the value of the sacrifice bunt},
	volume = {15},
	doi = {10.1515/jqas-2017-0092},
	pages = {327--344},
	number = {4},
	journaltitle = {Journal of Quantitative Analysis in Sports},
	author = {Hirotsu, Nobuyoshi and Bickel, J Eric},
	date = {2019},
}

@article{clemens_what_2021,
	title = {What Are Teams Paying Per {WAR} in Free Agency?},
	url = {https://blogs.fangraphs.com/what-are-teams-paying-per-war-in-free-agency/},
	journaltitle = {{FanGraphs} Baseball},
	author = {Clemens, Ben},
	date = {2021-12-14},
	note = {December 14, 2021},
}
